Trade_Time,Price_USD,Volume_BTC,Symbol
2025-09-30 01:00:28.123,114450.9,0.007,BTCUSDT
2025-09-30 01:00:28.141,114450.8,0.018,BTCUSDT
2025-09-30 01:00:28.476,114450.9,0.023,BTCUSDT
2025-09-30 01:00:28.476,114450.9,0.053,BTCUSDT
2025-09-30 01:00:28.527,114450.8,0.008,BTCUSDT
2025-09-30 01:00:28.592,114450.8,0.08,BTCUSDT
2025-09-30 01:00:29.097,114450.8,0.024,BTCUSDT
2025-09-30 01:00:29.233,114450.8,1.0,BTCUSDT
2025-09-30 01:00:29.520,114450.9,0.001,BTCUSDT
2025-09-30 01:00:29.520,114450.9,0.001,BTCUSDT
2025-09-30 01:00:29.520,114450.9,0.001,BTCUSDT
2025-09-30 01:00:29.520,114450.9,0.001,BTCUSDT
2025-09-30 01:00:29.520,114450.9,0.031,BTCUSDT
2025-09-30 01:00:29.520,114450.9,0.001,BTCUSDT
2025-09-30 01:00:29.520,114450.9,0.017,BTCUSDT
2025-09-30 01:00:29.520,114450.9,0.022,BTCUSDT
2025-09-30 01:00:29.736,114450.9,0.001,BTCUSDT
2025-09-30 01:00:29.826,114450.8,0.01,BTCUSDT
2025-09-30 01:00:29.846,114450.9,0.008,BTCUSDT
2025-09-30 01:00:29.945,114450.8,0.016,BTCUSDT
2025-09-30 01:00:30.043,114450.8,0.042,BTCUSDT
2025-09-30 01:00:30.242,114450.8,0.008,BTCUSDT
2025-09-30 01:00:30.437,114450.8,0.019,BTCUSDT
2025-09-30 01:00:30.452,114450.8,0.1,BTCUSDT
2025-09-30 01:00:30.678,114450.9,0.056,BTCUSDT
2025-09-30 01:00:30.678,114450.9,0.021,BTCUSDT
2025-09-30 01:00:30.963,114450.8,0.001,BTCUSDT
2025-09-30 01:00:30.963,114450.8,0.001,BTCUSDT
2025-09-30 01:00:30.963,114450.8,0.001,BTCUSDT
2025-09-30 01:00:30.963,114450.8,0.001,BTCUSDT
2025-09-30 01:00:30.963,114450.8,0.001,BTCUSDT
2025-09-30 01:00:31.011,114450.8,0.001,BTCUSDT
2025-09-30 01:00:31.011,114450.8,0.001,BTCUSDT
2025-09-30 01:00:31.011,114450.8,0.2,BTCUSDT
2025-09-30 01:00:31.011,114450.8,0.001,BTCUSDT
2025-09-30 01:00:31.011,114450.8,0.001,BTCUSDT
2025-09-30 01:00:31.011,114450.8,0.001,BTCUSDT
2025-09-30 01:00:31.011,114450.8,0.087,BTCUSDT
2025-09-30 01:00:31.011,114450.8,0.087,BTCUSDT
2025-09-30 01:00:31.011,114450.8,0.087,BTCUSDT
2025-09-30 01:00:31.011,114450.8,0.043,BTCUSDT
2025-09-30 01:00:31.011,114450.8,0.367,BTCUSDT
2025-09-30 01:00:31.011,114450.8,0.002,BTCUSDT
2025-09-30 01:00:31.011,114450.8,0.002,BTCUSDT
2025-09-30 01:00:31.011,114450.8,0.001,BTCUSDT
2025-09-30 01:00:31.011,114450.8,0.002,BTCUSDT
2025-09-30 01:00:31.011,114450.8,0.002,BTCUSDT
2025-09-30 01:00:31.011,114450.8,0.001,BTCUSDT
2025-09-30 01:00:31.011,114450.7,0.001,BTCUSDT
2025-09-30 01:00:31.011,114450.7,0.001,BTCUSDT
2025-09-30 01:00:31.011,114450.7,0.113,BTCUSDT
2025-09-30 01:00:31.011,114450.7,0.002,BTCUSDT
2025-09-30 01:00:31.011,114450.7,0.004,BTCUSDT
2025-09-30 01:00:31.217,114450.7,0.003,BTCUSDT
2025-09-30 01:00:31.217,114450.7,0.004,BTCUSDT
2025-09-30 01:00:31.262,114450.7,0.001,BTCUSDT
2025-09-30 01:00:31.449,114450.7,0.047,BTCUSDT
2025-09-30 01:00:31.449,114450.7,0.002,BTCUSDT
2025-09-30 01:00:31.449,114450.7,0.004,BTCUSDT
2025-09-30 01:00:31.449,114450.7,0.001,BTCUSDT
2025-09-30 01:00:31.449,114450.7,0.002,BTCUSDT
2025-09-30 01:00:31.449,114450.7,0.225,BTCUSDT
2025-09-30 01:00:31.450,114450.7,0.119,BTCUSDT
2025-09-30 01:00:31.450,114450.7,0.251,BTCUSDT
2025-09-30 01:00:31.450,114450.7,0.001,BTCUSDT
2025-09-30 01:00:31.450,114450.7,0.002,BTCUSDT
2025-09-30 01:00:31.450,114450.7,0.001,BTCUSDT
2025-09-30 01:00:31.450,114450.7,0.002,BTCUSDT
2025-09-30 01:00:31.450,114450.7,0.2,BTCUSDT
2025-09-30 01:00:31.450,114450.7,0.002,BTCUSDT
2025-09-30 01:00:31.450,114450.7,0.001,BTCUSDT
2025-09-30 01:00:31.450,114450.5,0.001,BTCUSDT
2025-09-30 01:00:31.450,114450.5,0.001,BTCUSDT
2025-09-30 01:00:31.450,114450.5,0.001,BTCUSDT
2025-09-30 01:00:31.450,114450.5,0.001,BTCUSDT
2025-09-30 01:00:31.450,114450.5,0.001,BTCUSDT
2025-09-30 01:00:31.450,114450.2,0.002,BTCUSDT
2025-09-30 01:00:31.450,114450.0,0.001,BTCUSDT
2025-09-30 01:00:31.450,114450.0,0.001,BTCUSDT
2025-09-30 01:00:31.450,114449.8,0.009,BTCUSDT
2025-09-30 01:00:31.451,114449.8,0.033,BTCUSDT
2025-09-30 01:00:31.452,114449.8,0.029,BTCUSDT
2025-09-30 01:00:31.452,114449.7,0.002,BTCUSDT
2025-09-30 01:00:31.452,114449.6,0.002,BTCUSDT
2025-09-30 01:00:31.452,114449.6,0.002,BTCUSDT
2025-09-30 01:00:31.452,114449.6,0.002,BTCUSDT
2025-09-30 01:00:31.457,114449.0,0.002,BTCUSDT
2025-09-30 01:00:31.457,114448.5,0.001,BTCUSDT
2025-09-30 01:00:31.457,114448.5,0.002,BTCUSDT
2025-09-30 01:00:31.457,114448.1,0.002,BTCUSDT
2025-09-30 01:00:31.457,114448.0,0.002,BTCUSDT
2025-09-30 01:00:31.457,114447.6,0.001,BTCUSDT
2025-09-30 01:00:31.463,114447.4,0.002,BTCUSDT
2025-09-30 01:00:31.463,114447.4,0.001,BTCUSDT
2025-09-30 01:00:31.463,114447.4,0.001,BTCUSDT
2025-09-30 01:00:31.463,114447.3,0.002,BTCUSDT
2025-09-30 01:00:31.463,114446.3,0.002,BTCUSDT
2025-09-30 01:00:31.463,114446.2,0.002,BTCUSDT
2025-09-30 01:00:31.496,114445.8,0.001,BTCUSDT
2025-09-30 01:00:31.496,114445.8,0.001,BTCUSDT
2025-09-30 01:00:31.496,114445.8,0.001,BTCUSDT
2025-09-30 01:00:31.496,114445.8,0.001,BTCUSDT
2025-09-30 01:00:31.496,114445.8,0.001,BTCUSDT
2025-09-30 01:00:31.496,114445.8,0.001,BTCUSDT
2025-09-30 01:00:31.496,114445.8,0.001,BTCUSDT
2025-09-30 01:00:31.496,114445.8,0.001,BTCUSDT
2025-09-30 01:00:31.496,114445.8,0.001,BTCUSDT
2025-09-30 01:00:31.496,114445.8,0.001,BTCUSDT
2025-09-30 01:00:31.496,114445.8,0.001,BTCUSDT
2025-09-30 01:00:31.496,114445.8,0.001,BTCUSDT
2025-09-30 01:00:31.496,114445.8,0.001,BTCUSDT
2025-09-30 01:00:31.496,114445.4,0.002,BTCUSDT
2025-09-30 01:00:31.496,114445.2,0.001,BTCUSDT
2025-09-30 01:00:31.496,114445.0,0.001,BTCUSDT
2025-09-30 01:00:31.507,114444.9,0.001,BTCUSDT
2025-09-30 01:00:31.507,114444.9,0.001,BTCUSDT
2025-09-30 01:00:31.507,114444.9,0.001,BTCUSDT
2025-09-30 01:00:31.507,114444.7,0.002,BTCUSDT
2025-09-30 01:00:31.507,114444.6,0.001,BTCUSDT
2025-09-30 01:00:31.507,114444.2,0.002,BTCUSDT
2025-09-30 01:00:31.507,114444.0,0.002,BTCUSDT
2025-09-30 01:00:31.515,114444.1,0.001,BTCUSDT
2025-09-30 01:00:31.526,114444.0,0.001,BTCUSDT
2025-09-30 01:00:31.526,114444.0,0.016,BTCUSDT
2025-09-30 01:00:31.526,114444.0,0.001,BTCUSDT
2025-09-30 01:00:31.526,114444.0,0.001,BTCUSDT
2025-09-30 01:00:31.526,114444.0,0.001,BTCUSDT
2025-09-30 01:00:31.526,114443.9,0.001,BTCUSDT
2025-09-30 01:00:31.527,114443.9,0.001,BTCUSDT
2025-09-30 01:00:31.527,114443.9,0.001,BTCUSDT
2025-09-30 01:00:31.527,114443.9,0.001,BTCUSDT
2025-09-30 01:00:31.538,114443.4,0.002,BTCUSDT
2025-09-30 01:00:31.538,114443.3,0.001,BTCUSDT
2025-09-30 01:00:31.538,114443.1,0.066,BTCUSDT
2025-09-30 01:00:31.538,114442.9,0.066,BTCUSDT
2025-09-30 01:00:31.538,114442.8,0.002,BTCUSDT
2025-09-30 01:00:31.538,114442.8,0.002,BTCUSDT
2025-09-30 01:00:31.538,114442.8,0.002,BTCUSDT
2025-09-30 01:00:31.538,114442.7,0.024,BTCUSDT
2025-09-30 01:00:31.539,114442.7,0.042,BTCUSDT
2025-09-30 01:00:31.539,114442.2,0.001,BTCUSDT
2025-09-30 01:00:31.539,114442.2,0.005,BTCUSDT
2025-09-30 01:00:31.539,114441.9,0.002,BTCUSDT
2025-09-30 01:00:31.539,114441.6,0.002,BTCUSDT
2025-09-30 01:00:31.539,114441.5,0.031,BTCUSDT
2025-09-30 01:00:31.539,114441.2,0.002,BTCUSDT
2025-09-30 01:00:31.539,114441.2,0.001,BTCUSDT
2025-09-30 01:00:31.539,114441.2,0.012,BTCUSDT
2025-09-30 01:00:31.539,114440.9,0.001,BTCUSDT
2025-09-30 01:00:31.539,114440.7,0.001,BTCUSDT
2025-09-30 01:00:31.539,114440.6,0.002,BTCUSDT
2025-09-30 01:00:31.559,114440.3,0.001,BTCUSDT
2025-09-30 01:00:31.566,114440.0,0.001,BTCUSDT
2025-09-30 01:00:31.566,114440.0,0.001,BTCUSDT
2025-09-30 01:00:31.566,114440.0,0.002,BTCUSDT
2025-09-30 01:00:31.566,114440.0,0.001,BTCUSDT
2025-09-30 01:00:31.566,114440.0,0.001,BTCUSDT
2025-09-30 01:00:31.566,114440.0,0.001,BTCUSDT
2025-09-30 01:00:31.566,114440.0,0.001,BTCUSDT
2025-09-30 01:00:31.566,114440.0,0.011,BTCUSDT
2025-09-30 01:00:31.594,114440.0,0.001,BTCUSDT
2025-09-30 01:00:31.594,114440.0,0.381,BTCUSDT
2025-09-30 01:00:31.594,114440.0,0.001,BTCUSDT
2025-09-30 01:00:31.594,114440.0,0.001,BTCUSDT
2025-09-30 01:00:31.594,114440.0,0.087,BTCUSDT
2025-09-30 01:00:31.594,114440.0,0.045,BTCUSDT
2025-09-30 01:00:31.629,114440.0,0.042,BTCUSDT
2025-09-30 01:00:31.629,114440.0,0.087,BTCUSDT
2025-09-30 01:00:31.629,114440.0,0.001,BTCUSDT
2025-09-30 01:00:31.629,114440.0,0.002,BTCUSDT
2025-09-30 01:00:31.629,114440.0,0.001,BTCUSDT
2025-09-30 01:00:31.629,114439.7,0.026,BTCUSDT
2025-09-30 01:00:31.629,114439.7,0.159,BTCUSDT
2025-09-30 01:00:31.641,114439.7,0.015,BTCUSDT
2025-09-30 01:00:31.641,114439.7,0.001,BTCUSDT
2025-09-30 01:00:31.641,114439.7,0.001,BTCUSDT
2025-09-30 01:00:31.641,114439.4,0.002,BTCUSDT
2025-09-30 01:00:31.641,114438.8,0.002,BTCUSDT
2025-09-30 01:00:31.642,114438.4,0.003,BTCUSDT
2025-09-30 01:00:31.642,114438.2,0.002,BTCUSDT
2025-09-30 01:00:31.642,114438.1,0.002,BTCUSDT
2025-09-30 01:00:31.642,114438.0,0.002,BTCUSDT
2025-09-30 01:00:31.678,114437.8,0.001,BTCUSDT
2025-09-30 01:00:31.678,114437.8,0.001,BTCUSDT
2025-09-30 01:00:31.678,114437.8,0.001,BTCUSDT
2025-09-30 01:00:31.678,114437.8,0.001,BTCUSDT
2025-09-30 01:00:31.678,114437.8,0.001,BTCUSDT
2025-09-30 01:00:31.678,114437.8,0.001,BTCUSDT
2025-09-30 01:00:31.678,114437.8,0.001,BTCUSDT
2025-09-30 01:00:31.678,114437.8,0.002,BTCUSDT
2025-09-30 01:00:31.732,114437.8,0.01,BTCUSDT
2025-09-30 01:00:31.732,114437.8,0.069,BTCUSDT
2025-09-30 01:00:31.759,114437.7,0.047,BTCUSDT
2025-09-30 01:00:31.759,114437.7,0.093,BTCUSDT
2025-09-30 01:00:31.759,114437.7,0.038,BTCUSDT
2025-09-30 01:00:31.759,114437.7,0.022,BTCUSDT
2025-09-30 01:00:31.759,114437.7,0.001,BTCUSDT
2025-09-30 01:00:31.759,114437.7,0.001,BTCUSDT
2025-09-30 01:00:31.759,114437.7,0.001,BTCUSDT
2025-09-30 01:00:31.759,114437.7,0.001,BTCUSDT
2025-09-30 01:00:31.759,114437.7,0.002,BTCUSDT
2025-09-30 01:00:31.759,114437.4,0.001,BTCUSDT
2025-09-30 01:00:31.759,114437.4,0.001,BTCUSDT
2025-09-30 01:00:31.759,114437.3,0.003,BTCUSDT
2025-09-30 01:00:31.760,114437.2,0.001,BTCUSDT
2025-09-30 01:00:31.760,114437.2,0.002,BTCUSDT
2025-09-30 01:00:31.760,114436.8,0.001,BTCUSDT
2025-09-30 01:00:31.760,114436.6,0.018,BTCUSDT
2025-09-30 01:00:31.760,114436.6,0.08,BTCUSDT
2025-09-30 01:00:31.896,114436.6,0.118,BTCUSDT
2025-09-30 01:00:31.896,114436.6,0.002,BTCUSDT
2025-09-30 01:00:31.896,114436.6,0.001,BTCUSDT
2025-09-30 01:00:32.018,114436.5,0.003,BTCUSDT
2025-09-30 01:00:32.047,114436.5,0.002,BTCUSDT
2025-09-30 01:00:32.137,114436.5,0.016,BTCUSDT
2025-09-30 01:00:32.137,114436.5,0.002,BTCUSDT
2025-09-30 01:00:32.137,114436.5,0.001,BTCUSDT
2025-09-30 01:00:32.404,114436.5,0.009,BTCUSDT
2025-09-30 01:00:32.406,114436.5,0.06,BTCUSDT
2025-09-30 01:00:32.408,114436.5,0.131,BTCUSDT
2025-09-30 01:00:32.408,114436.5,0.002,BTCUSDT
2025-09-30 01:00:32.408,114436.5,0.002,BTCUSDT
2025-09-30 01:00:32.408,114436.5,0.001,BTCUSDT
2025-09-30 01:00:32.408,114436.5,0.001,BTCUSDT
2025-09-30 01:00:32.408,114436.5,0.001,BTCUSDT
2025-09-30 01:00:32.408,114436.4,0.001,BTCUSDT
2025-09-30 01:00:32.408,114436.4,0.001,BTCUSDT
2025-09-30 01:00:32.408,114436.2,0.001,BTCUSDT
2025-09-30 01:00:32.408,114435.9,0.002,BTCUSDT
2025-09-30 01:00:32.408,114435.9,0.002,BTCUSDT
2025-09-30 01:00:32.408,114435.9,0.002,BTCUSDT
2025-09-30 01:00:32.408,114435.3,0.002,BTCUSDT
2025-09-30 01:00:32.408,114435.0,0.001,BTCUSDT
2025-09-30 01:00:32.408,114434.9,0.002,BTCUSDT
2025-09-30 01:00:32.408,114434.7,0.002,BTCUSDT
2025-09-30 01:00:32.408,114434.4,0.001,BTCUSDT
2025-09-30 01:00:32.408,114434.2,0.001,BTCUSDT
2025-09-30 01:00:32.408,114434.1,0.002,BTCUSDT
2025-09-30 01:00:32.408,114434.1,0.001,BTCUSDT
2025-09-30 01:00:32.408,114433.6,0.004,BTCUSDT
2025-09-30 01:00:32.408,114433.5,0.002,BTCUSDT
2025-09-30 01:00:32.408,114433.4,0.001,BTCUSDT
2025-09-30 01:00:32.410,114433.3,0.002,BTCUSDT
2025-09-30 01:00:32.410,114433.2,0.003,BTCUSDT
2025-09-30 01:00:32.410,114433.1,0.001,BTCUSDT
2025-09-30 01:00:32.410,114432.9,0.001,BTCUSDT
2025-09-30 01:00:32.410,114432.9,0.002,BTCUSDT
2025-09-30 01:00:32.410,114432.3,0.002,BTCUSDT
2025-09-30 01:00:32.410,114432.3,0.002,BTCUSDT
2025-09-30 01:00:32.410,114432.2,0.001,BTCUSDT
2025-09-30 01:00:32.420,114432.1,0.001,BTCUSDT
2025-09-30 01:00:32.429,114432.1,0.001,BTCUSDT
2025-09-30 01:00:32.462,114432.2,0.017,BTCUSDT
2025-09-30 01:00:32.482,114432.1,0.043,BTCUSDT
2025-09-30 01:00:32.485,114432.1,0.016,BTCUSDT
2025-09-30 01:00:32.495,114432.0,0.017,BTCUSDT
2025-09-30 01:00:32.567,114432.0,0.024,BTCUSDT
2025-09-30 01:00:32.579,114432.0,0.159,BTCUSDT
2025-09-30 01:00:32.579,114432.0,0.001,BTCUSDT
2025-09-30 01:00:32.579,114432.0,0.002,BTCUSDT
2025-09-30 01:00:32.579,114432.0,0.002,BTCUSDT
2025-09-30 01:00:32.582,114431.9,0.018,BTCUSDT
2025-09-30 01:00:32.582,114431.9,0.001,BTCUSDT
2025-09-30 01:00:32.582,114431.7,0.002,BTCUSDT
2025-09-30 01:00:32.582,114431.4,0.001,BTCUSDT
2025-09-30 01:00:32.582,114431.3,0.002,BTCUSDT
2025-09-30 01:00:32.582,114431.1,0.001,BTCUSDT
2025-09-30 01:00:32.582,114431.1,0.001,BTCUSDT
2025-09-30 01:00:32.582,114431.1,0.002,BTCUSDT
2025-09-30 01:00:32.582,114430.9,0.001,BTCUSDT
2025-09-30 01:00:32.582,114430.8,0.001,BTCUSDT
2025-09-30 01:00:32.668,114430.7,0.017,BTCUSDT
2025-09-30 01:00:32.668,114430.7,0.017,BTCUSDT
2025-09-30 01:00:32.687,114430.7,0.056,BTCUSDT
2025-09-30 01:00:32.687,114430.7,0.002,BTCUSDT
2025-09-30 01:00:32.687,114430.7,0.001,BTCUSDT
2025-09-30 01:00:32.687,114430.7,0.001,BTCUSDT
2025-09-30 01:00:32.791,114430.7,0.011,BTCUSDT
2025-09-30 01:00:32.791,114430.7,0.064,BTCUSDT
2025-09-30 01:00:32.869,114430.6,0.005,BTCUSDT
2025-09-30 01:00:32.869,114430.6,0.041,BTCUSDT
2025-09-30 01:00:32.869,114430.6,0.006,BTCUSDT
2025-09-30 01:00:32.870,114430.6,0.033,BTCUSDT
2025-09-30 01:00:32.881,114430.6,0.04,BTCUSDT
2025-09-30 01:00:33.081,114430.7,0.001,BTCUSDT
2025-09-30 01:00:33.108,114430.6,0.08,BTCUSDT
2025-09-30 01:00:33.108,114430.6,0.001,BTCUSDT
2025-09-30 01:00:33.108,114430.6,0.002,BTCUSDT
2025-09-30 01:00:33.108,114430.6,0.001,BTCUSDT
2025-09-30 01:00:33.108,114430.5,0.002,BTCUSDT
2025-09-30 01:00:33.108,114430.5,0.001,BTCUSDT
2025-09-30 01:00:33.108,114430.2,0.002,BTCUSDT
2025-09-30 01:00:33.108,114430.2,0.002,BTCUSDT
2025-09-30 01:00:33.108,114430.0,0.002,BTCUSDT
2025-09-30 01:00:33.108,114430.0,0.001,BTCUSDT
2025-09-30 01:00:33.108,114429.9,0.002,BTCUSDT
2025-09-30 01:00:33.108,114429.5,0.001,BTCUSDT
2025-09-30 01:00:33.108,114429.3,0.002,BTCUSDT
2025-09-30 01:00:33.108,114428.7,0.002,BTCUSDT
2025-09-30 01:00:33.108,114428.7,0.002,BTCUSDT
2025-09-30 01:00:33.110,114428.1,0.003,BTCUSDT
2025-09-30 01:00:33.110,114428.1,0.002,BTCUSDT
2025-09-30 01:00:33.110,114427.7,0.001,BTCUSDT
2025-09-30 01:00:33.226,114427.6,0.262,BTCUSDT
2025-09-30 01:00:33.226,114427.6,0.002,BTCUSDT
2025-09-30 01:00:33.226,114427.5,0.001,BTCUSDT
2025-09-30 01:00:33.226,114427.5,0.002,BTCUSDT
2025-09-30 01:00:33.226,114427.5,0.001,BTCUSDT
2025-09-30 01:00:33.226,114427.5,0.2,BTCUSDT
2025-09-30 01:00:33.226,114427.5,0.001,BTCUSDT
2025-09-30 01:00:33.226,114427.5,0.001,BTCUSDT
2025-09-30 01:00:33.226,114427.4,0.002,BTCUSDT
2025-09-30 01:00:33.226,114427.4,0.036,BTCUSDT
2025-09-30 01:00:33.229,114427.3,0.002,BTCUSDT
2025-09-30 01:00:33.229,114426.9,0.002,BTCUSDT
2025-09-30 01:00:33.229,114426.3,0.002,BTCUSDT
2025-09-30 01:00:33.229,114426.1,0.002,BTCUSDT
2025-09-30 01:00:33.229,114426.1,0.001,BTCUSDT
2025-09-30 01:00:33.229,114426.0,0.001,BTCUSDT
2025-09-30 01:00:33.229,114425.7,0.002,BTCUSDT
2025-09-30 01:00:33.229,114425.6,0.001,BTCUSDT
2025-09-30 01:00:33.229,114425.5,0.002,BTCUSDT
2025-09-30 01:00:33.229,114425.2,0.002,BTCUSDT
2025-09-30 01:00:33.229,114425.1,0.002,BTCUSDT
2025-09-30 01:00:33.229,114425.0,0.001,BTCUSDT
2025-09-30 01:00:33.229,114425.0,0.001,BTCUSDT
2025-09-30 01:00:33.230,114425.0,0.002,BTCUSDT
2025-09-30 01:00:33.240,114424.7,0.003,BTCUSDT
2025-09-30 01:00:33.240,114424.6,0.001,BTCUSDT
2025-09-30 01:00:33.240,114424.5,0.002,BTCUSDT
2025-09-30 01:00:33.372,114424.4,0.001,BTCUSDT
2025-09-30 01:00:33.372,114424.4,0.001,BTCUSDT
2025-09-30 01:00:33.372,114424.4,0.001,BTCUSDT
2025-09-30 01:00:33.501,114424.4,0.01,BTCUSDT
2025-09-30 01:00:33.638,114424.3,0.001,BTCUSDT
2025-09-30 01:00:33.638,114424.3,0.049,BTCUSDT
2025-09-30 01:00:33.747,114424.3,0.001,BTCUSDT
2025-09-30 01:00:33.790,114424.4,0.074,BTCUSDT
2025-09-30 01:00:33.871,114424.3,0.029,BTCUSDT
2025-09-30 01:00:33.984,114424.4,0.001,BTCUSDT
2025-09-30 01:00:34.250,114424.3,0.017,BTCUSDT
2025-09-30 01:00:34.662,114424.3,0.008,BTCUSDT
2025-09-30 01:00:34.727,114424.3,0.008,BTCUSDT
2025-09-30 01:00:34.795,114424.4,0.002,BTCUSDT
2025-09-30 01:00:34.823,114424.3,0.088,BTCUSDT
2025-09-30 01:00:34.823,114424.3,0.001,BTCUSDT
2025-09-30 01:00:34.823,114424.3,0.001,BTCUSDT
2025-09-30 01:00:34.823,114424.3,0.001,BTCUSDT
2025-09-30 01:00:34.823,114424.3,0.206,BTCUSDT
2025-09-30 01:00:34.875,114424.3,0.019,BTCUSDT
2025-09-30 01:00:34.898,114424.4,0.074,BTCUSDT
2025-09-30 01:00:34.920,114424.3,0.072,BTCUSDT
2025-09-30 01:00:34.920,114424.3,0.146,BTCUSDT
2025-09-30 01:00:35.029,114424.3,0.042,BTCUSDT
2025-09-30 01:00:35.234,114424.3,0.008,BTCUSDT
2025-09-30 01:00:35.565,114424.3,0.004,BTCUSDT
2025-09-30 01:00:35.635,114424.3,0.034,BTCUSDT
2025-09-30 01:00:35.868,114424.4,0.001,BTCUSDT
2025-09-30 01:00:35.868,114424.4,0.001,BTCUSDT
2025-09-30 01:00:35.931,114424.4,0.001,BTCUSDT
2025-09-30 01:00:35.931,114424.4,0.031,BTCUSDT
2025-09-30 01:00:35.931,114424.4,0.005,BTCUSDT
2025-09-30 01:00:35.931,114424.4,0.017,BTCUSDT
2025-09-30 01:00:35.931,114424.4,0.001,BTCUSDT
2025-09-30 01:00:35.931,114424.4,0.001,BTCUSDT
2025-09-30 01:00:35.931,114424.4,0.017,BTCUSDT
2025-09-30 01:00:35.931,114424.4,0.001,BTCUSDT
2025-09-30 01:00:35.994,114424.3,0.02,BTCUSDT
2025-09-30 01:00:36.011,114424.3,0.091,BTCUSDT
2025-09-30 01:00:36.011,114424.3,0.094,BTCUSDT
2025-09-30 01:00:36.146,114424.3,0.148,BTCUSDT
2025-09-30 01:00:36.146,114424.3,0.075,BTCUSDT
2025-09-30 01:00:36.156,114424.3,0.013,BTCUSDT
2025-09-30 01:00:36.217,114424.3,0.007,BTCUSDT
2025-09-30 01:00:36.348,114424.3,0.052,BTCUSDT
2025-09-30 01:00:36.348,114424.3,0.057,BTCUSDT
2025-09-30 01:00:36.664,114424.4,0.004,BTCUSDT
2025-09-30 01:00:36.716,114424.3,0.009,BTCUSDT
2025-09-30 01:00:36.723,114424.3,0.004,BTCUSDT
2025-09-30 01:00:36.874,114424.4,0.013,BTCUSDT
2025-09-30 01:00:36.874,114424.4,0.062,BTCUSDT
2025-09-30 01:00:37.009,114424.3,0.007,BTCUSDT
2025-09-30 01:00:37.014,114424.3,0.003,BTCUSDT
2025-09-30 01:00:37.047,114424.3,0.001,BTCUSDT
2025-09-30 01:00:37.118,114424.3,0.001,BTCUSDT
2025-09-30 01:00:37.215,114424.3,0.09,BTCUSDT
2025-09-30 01:00:37.215,114424.3,0.373,BTCUSDT
2025-09-30 01:00:37.215,114424.3,0.071,BTCUSDT
2025-09-30 01:00:37.215,114424.3,0.469,BTCUSDT
2025-09-30 01:00:37.272,114424.3,0.02,BTCUSDT
2025-09-30 01:00:37.298,114424.4,0.002,BTCUSDT
2025-09-30 01:00:37.617,114424.3,0.001,BTCUSDT
2025-09-30 01:00:37.617,114424.3,0.68,BTCUSDT
2025-09-30 01:00:37.617,114424.3,0.001,BTCUSDT
2025-09-30 01:00:37.617,114424.3,0.3,BTCUSDT
2025-09-30 01:00:37.617,114424.3,0.001,BTCUSDT
2025-09-30 01:00:37.617,114424.3,0.002,BTCUSDT
2025-09-30 01:00:37.617,114424.3,0.001,BTCUSDT
2025-09-30 01:00:37.617,114424.3,0.299,BTCUSDT
2025-09-30 01:00:37.617,114424.3,0.13,BTCUSDT
2025-09-30 01:00:37.617,114424.3,0.001,BTCUSDT
2025-09-30 01:00:37.617,114424.3,0.001,BTCUSDT
2025-09-30 01:00:37.617,114424.3,0.138,BTCUSDT
2025-09-30 01:00:37.621,114424.3,0.002,BTCUSDT
2025-09-30 01:00:37.627,114424.2,0.001,BTCUSDT
2025-09-30 01:00:37.627,114424.2,0.001,BTCUSDT
2025-09-30 01:00:37.627,114424.2,0.001,BTCUSDT
2025-09-30 01:00:37.627,114424.2,0.2,BTCUSDT
2025-09-30 01:00:37.627,114424.2,0.001,BTCUSDT
2025-09-30 01:00:37.627,114424.2,0.251,BTCUSDT
2025-09-30 01:00:37.627,114424.2,0.001,BTCUSDT
2025-09-30 01:00:37.627,114424.2,0.001,BTCUSDT
2025-09-30 01:00:37.627,114423.9,0.001,BTCUSDT
2025-09-30 01:00:37.627,114423.9,0.002,BTCUSDT
2025-09-30 01:00:37.627,114423.9,0.001,BTCUSDT
2025-09-30 01:00:37.627,114423.8,0.002,BTCUSDT
2025-09-30 01:00:37.627,114423.4,0.002,BTCUSDT
2025-09-30 01:00:37.627,114423.3,0.002,BTCUSDT
2025-09-30 01:00:37.627,114423.1,0.028,BTCUSDT
2025-09-30 01:00:37.627,114423.0,0.001,BTCUSDT
2025-09-30 01:00:37.627,114423.0,0.001,BTCUSDT
2025-09-30 01:00:37.627,114422.7,0.001,BTCUSDT
2025-09-30 01:00:37.627,114422.7,0.002,BTCUSDT
2025-09-30 01:00:37.627,114422.6,0.24,BTCUSDT
2025-09-30 01:00:37.627,114422.5,0.003,BTCUSDT
2025-09-30 01:00:37.627,114422.4,0.133,BTCUSDT
2025-09-30 01:00:37.627,114422.2,0.002,BTCUSDT
2025-09-30 01:00:37.627,114422.2,0.002,BTCUSDT
2025-09-30 01:00:37.627,114422.1,0.002,BTCUSDT
2025-09-30 01:00:37.627,114422.0,0.001,BTCUSDT
2025-09-30 01:00:37.627,114421.5,0.002,BTCUSDT
2025-09-30 01:00:37.627,114421.1,0.002,BTCUSDT
2025-09-30 01:00:37.627,114421.1,0.002,BTCUSDT
2025-09-30 01:00:37.627,114421.0,0.001,BTCUSDT
2025-09-30 01:00:37.627,114421.0,0.001,BTCUSDT
2025-09-30 01:00:37.627,114420.9,0.002,BTCUSDT
2025-09-30 01:00:37.627,114420.9,0.001,BTCUSDT
2025-09-30 01:00:37.627,114420.7,0.001,BTCUSDT
2025-09-30 01:00:37.627,114420.6,0.001,BTCUSDT
2025-09-30 01:00:37.627,114420.6,0.001,BTCUSDT
2025-09-30 01:00:37.627,114420.4,0.103,BTCUSDT
2025-09-30 01:00:37.635,114420.4,0.001,BTCUSDT
2025-09-30 01:00:37.635,114420.4,0.001,BTCUSDT
2025-09-30 01:00:37.635,114420.4,0.001,BTCUSDT
2025-09-30 01:00:37.635,114420.4,0.001,BTCUSDT
2025-09-30 01:00:37.635,114420.4,0.002,BTCUSDT
2025-09-30 01:00:37.841,114420.4,0.075,BTCUSDT
2025-09-30 01:00:37.967,114420.4,0.002,BTCUSDT
2025-09-30 01:00:37.987,114420.4,0.001,BTCUSDT
2025-09-30 01:00:38.873,114420.4,0.077,BTCUSDT
2025-09-30 01:00:38.951,114420.3,0.002,BTCUSDT
2025-09-30 01:00:38.951,114420.3,0.011,BTCUSDT
2025-09-30 01:00:38.970,114420.3,0.005,BTCUSDT
2025-09-30 01:00:39.197,114420.3,0.001,BTCUSDT
2025-09-30 01:00:39.490,114420.3,0.008,BTCUSDT
2025-09-30 01:00:39.604,114420.3,0.2,BTCUSDT
2025-09-30 01:00:39.886,114420.4,0.076,BTCUSDT
2025-09-30 01:00:40.047,114420.3,0.042,BTCUSDT
2025-09-30 01:00:40.069,114420.3,0.005,BTCUSDT
2025-09-30 01:00:40.145,114420.3,0.001,BTCUSDT
2025-09-30 01:00:40.236,114420.3,0.008,BTCUSDT
2025-09-30 01:00:40.320,114420.4,0.002,BTCUSDT
2025-09-30 01:00:40.517,114420.4,0.003,BTCUSDT
2025-09-30 01:00:40.789,114420.3,0.001,BTCUSDT
2025-09-30 01:00:40.930,114420.4,0.276,BTCUSDT
2025-09-30 01:00:40.968,114420.3,0.205,BTCUSDT
2025-09-30 01:00:40.968,114420.3,0.2,BTCUSDT
2025-09-30 01:00:40.968,114420.3,0.001,BTCUSDT
2025-09-30 01:00:40.968,114420.3,0.001,BTCUSDT
2025-09-30 01:00:40.968,114420.3,0.001,BTCUSDT
2025-09-30 01:00:40.968,114420.3,0.001,BTCUSDT
2025-09-30 01:00:40.968,114420.3,0.009,BTCUSDT
2025-09-30 01:00:40.968,114420.3,0.001,BTCUSDT
2025-09-30 01:00:40.968,114420.3,0.001,BTCUSDT
2025-09-30 01:00:40.968,114420.3,0.701,BTCUSDT
2025-09-30 01:00:40.968,114420.3,0.002,BTCUSDT
2025-09-30 01:00:40.968,114420.3,0.002,BTCUSDT
2025-09-30 01:00:40.968,114420.2,0.001,BTCUSDT
2025-09-30 01:00:40.968,114420.2,0.001,BTCUSDT
2025-09-30 01:00:40.968,114420.2,0.001,BTCUSDT
2025-09-30 01:00:40.968,114420.2,0.008,BTCUSDT
2025-09-30 01:00:40.968,114420.2,0.002,BTCUSDT
2025-09-30 01:00:40.968,114420.1,0.824,BTCUSDT
2025-09-30 01:00:40.973,114420.1,0.131,BTCUSDT
2025-09-30 01:00:40.973,114420.1,0.001,BTCUSDT
2025-09-30 01:00:40.973,114420.0,0.001,BTCUSDT
2025-09-30 01:00:40.973,114420.0,0.001,BTCUSDT
2025-09-30 01:00:40.973,114420.0,0.017,BTCUSDT
2025-09-30 01:00:40.973,114420.0,0.151,BTCUSDT
2025-09-30 01:00:40.975,114420.0,0.032,BTCUSDT
2025-09-30 01:00:40.979,114419.7,0.002,BTCUSDT
2025-09-30 01:00:40.979,114419.7,0.012,BTCUSDT
2025-09-30 01:00:40.979,114419.7,0.001,BTCUSDT
2025-09-30 01:00:40.979,114419.7,0.001,BTCUSDT
2025-09-30 01:00:40.979,114419.7,0.001,BTCUSDT
2025-09-30 01:00:40.999,114419.8,0.076,BTCUSDT
2025-09-30 01:00:41.101,114419.8,0.001,BTCUSDT
2025-09-30 01:00:41.162,114419.7,0.001,BTCUSDT
2025-09-30 01:00:41.162,114419.7,0.04,BTCUSDT
2025-09-30 01:00:41.162,114419.7,0.072,BTCUSDT
2025-09-30 01:00:41.165,114419.7,0.088,BTCUSDT
2025-09-30 01:00:41.165,114419.7,0.008,BTCUSDT
2025-09-30 01:00:41.165,114419.7,0.002,BTCUSDT
2025-09-30 01:00:41.165,114419.7,0.001,BTCUSDT
2025-09-30 01:00:41.165,114419.7,0.007,BTCUSDT
2025-09-30 01:00:41.165,114419.7,0.006,BTCUSDT
2025-09-30 01:00:41.165,114419.7,0.002,BTCUSDT
2025-09-30 01:00:41.165,114419.6,0.001,BTCUSDT
2025-09-30 01:00:41.165,114419.6,0.001,BTCUSDT
2025-09-30 01:00:41.165,114419.6,0.001,BTCUSDT
2025-09-30 01:00:41.165,114419.3,0.002,BTCUSDT
2025-09-30 01:00:41.165,114419.3,0.018,BTCUSDT
2025-09-30 01:00:41.165,114419.2,0.002,BTCUSDT
2025-09-30 01:00:41.165,114419.2,0.026,BTCUSDT
2025-09-30 01:00:41.165,114419.1,0.002,BTCUSDT
2025-09-30 01:00:41.165,114418.8,0.002,BTCUSDT
2025-09-30 01:00:41.167,114418.5,0.002,BTCUSDT
2025-09-30 01:00:41.167,114418.5,0.001,BTCUSDT
2025-09-30 01:00:41.172,114418.3,0.013,BTCUSDT
2025-09-30 01:00:41.219,114418.4,0.042,BTCUSDT
2025-09-30 01:00:41.229,114418.3,0.001,BTCUSDT
2025-09-30 01:00:41.229,114418.3,0.001,BTCUSDT
2025-09-30 01:00:41.229,114418.3,0.005,BTCUSDT
2025-09-30 01:00:41.543,114418.3,0.042,BTCUSDT
2025-09-30 01:00:41.560,114418.3,0.003,BTCUSDT
2025-09-30 01:00:41.982,114418.4,0.009,BTCUSDT
2025-09-30 01:00:41.998,114418.4,0.075,BTCUSDT
2025-09-30 01:00:42.015,114418.3,0.003,BTCUSDT
2025-09-30 01:00:42.038,114418.4,0.007,BTCUSDT
2025-09-30 01:00:42.088,114418.3,0.005,BTCUSDT
2025-09-30 01:00:42.090,114418.3,0.001,BTCUSDT
2025-09-30 01:00:42.186,114418.4,0.001,BTCUSDT
2025-09-30 01:00:42.417,114418.3,0.009,BTCUSDT
